@Article{bib:proof,
  author  = {Жлобницкий, М. Д.},
  journal = {Современная наука: актуальные вопросы, достижения и инновации},
  title   = {Сравнительная характеристика популярных музыкальных стриминг-сервисов в России в 2019 году},
  year    = {2019},
  pages   = {100-102},
}

@Book{bib:2,
  author    = {Кузин, А. В. and Левонисова, С. В.},
  publisher = {Издательский центр <<Академия>>},
  title     = {Базы данных},
  year      = {2005},
}

@Book{bib:3,
  author    = {Лазицкас, Е. А. and Загумённикова, И. Н. and Гилевский, П.Г.},
  publisher = {Минск : РИПО},
  title     = {Базы данных и системы управления базами данных.},
  year      = {2016},
  number    = {267},
}

@Article{bib:4,
  author  = {Корнилов, Е. Г. and Долгова, Т. Г.},
  journal = {Актуальные проблемы авиации и космонавтики},
  title   = {Современное применение OLAP и OLTP технологий в экономике},
  year    = {2010},
  pages   = {419-420},
}

@Article{bib:5,
  author  = {Кудрявцев, Ю.},
  journal = {Бизнес-информатика},
  title   = {OLAP-технологии: обзор решаемых задач и исследований},
  year    = {2008},
  pages   = {66-70},
}

@Article{bib:1,
  author  = {Дзюба, А. А.},
  journal = {Вестник Воронежского института высоких технологий},
  title   = {Рекомендации треков в социальных сетях},
  year    = {2019},
  pages   = {75-79},
}

@Misc{bib:postgres,
  howpublished = {Режим доступа: url{URL:https://www.postgresql.org/}},
  note         = {(дата обращения: 29.05.2022)},
  title        = {PostgreSQL [Электронный ресурс]},
}

@Misc{bib:libpq,
  howpublished = {Режим доступа: {URL:https://www.postgresql.org/docs/9.5/libpq}},
  note         = {(дата обращения: 29.05.2022)},
  title        = {Libpq [Электронный ресурс]},
}

@Misc{bib:graphviz,
  howpublished = {Режим доступа: {URL:https://graphviz.org/}},
  note         = {(дата обращения: 29.05.2022)},
  title        = {GraphViz [Электронный ресурс]},
}

@Misc{bib:boost,
  howpublished = {Режим доступа: {URL:https://www.boost.org/doc/libs/}},
  note         = {(дата обращения: 29.05.2022)},
  title        = {Boost-Test [Электронный ресурс]},
}

@Comment{jabref-meta: databaseType:bibtex;}
