@InProceedings{french2011real,
  author       = {French, Holly and Lin, Jie and Phan, Tung and Dalal, Amy Csizmar},
  booktitle    = {30th IEEE International Performance Computing and Communications Conference},
  title        = {Real time video QoE analysis of RTMP streams},
  year         = {2011},
  organization = {IEEE},
  pages        = {1--2},
}

@Article{oskin2000hls,
  author    = {Oskin, Mark and Chong, Frederic T and Farrens, Matthew},
  journal   = {ACM SIGARCH Computer Architecture News},
  title     = {HLS: Combining statistical and symbolic simulation to guide microprocessor designs},
  year      = {2000},
  number    = {2},
  pages     = {71--82},
  volume    = {28},
  publisher = {ACM New York, NY, USA},
}

@Article{беднаж2013некоторых,
  author    = {Беднаж, ВА and Огурцова, АМ},
  journal   = {Актуальные проблемы гуманитарных и естественных наук},
  title     = {О некоторых вопросах передачи потокового видео},
  year      = {2013},
  number    = {11-1},
  pages     = {83--85},
  publisher = {Общество с ограниченной ответственностью {\guillemotleft}Институт стратегических исследований{\guillemotright}},
}

@Article{еременко2013исследование,
  author    = {Еременко, АС and Персиков, АВ and Солоп, НВ},
  journal   = {Восточно-Европейский журнал передовых технологий},
  title     = {Исследование методов адаптивной потоковой передачи мультимедийных данных с использованием Тср/НТТР},
  year      = {2013},
  number    = {9 (62)},
  pages     = {42--47},
  volume    = {2},
  publisher = {Частное предприятие {\guillemotleft}Технологический центр{\guillemotright}},
}

@Article{yetgin2009progressive,
  author  = {Yetgin, Zeki and Seckin, Gamze},
  journal = {IEEE Multim.},
  title   = {Progressive Download for Multimedia Broadcast Multicast Service.},
  year    = {2009},
  number  = {2},
  pages   = {76--85},
  volume  = {16},
}

@InProceedings{viola2020adaptive,
  author       = {Viola, Roberto and Martin, Angel and Mogoll{\'o}n, Juan Felipe and Gabilondo, Alvaro and Morgade, Javier and Zorrilla, Mikel and Montalb{\'a}n, Jon and Angueira, Pablo},
  booktitle    = {2020 IEEE International Symposium on Broadband Multimedia Systems and Broadcasting (BMSB)},
  title        = {Adaptive Rate Control for Live streaming using SRT protocol},
  year         = {2020},
  organization = {IEEE},
  pages        = {1--6},
}

@Comment{jabref-meta: databaseType:bibtex;}
